%% This BibTeX bibliography file was created using BibDesk.
%% http://bibdesk.sourceforge.net/


%% Created for Lauro Cesar Araujo at 2015-04-27 19:43:45 -0300 


%% Saved with string encoding Unicode (UTF-8) 

@article{realistic_images,
  title={Principles of appearance acquisition and representation},
  author={Weyrich, Tim and Lawrence, Jason and Lensch, Hendrik PA and Rusinkiewicz, Szymon and Zickler, Todd and others},
  journal={Foundations and Trends{\textregistered} in Computer Graphics and Vision},
  volume={4},
  number={2},
  pages={75--191},
  year={2009},
  publisher={Now Publishers, Inc.}
}
